@Manual{R-base,
  title = {R: A Language and Environment for Statistical
           Computing},
  author = {{R Core Team}},
  organization = {R Foundation for Statistical Computing},
  address = {Vienna, Austria},
  year = {2019},
  url = {https://www.R-project.org},
}

@Book{GMDA,
  title = {Graphical methods for data analysis},
  author = {John M. Chambers and
            William S. Clevel and
            Beat Kleiner and
            Paul A. Tukey},
  publisher = {Wadsworth International Group},
  address = {Belmont, Calif},
  year = {1983},
  pages={81},
}
