@Manual{ref1,
  title = {R: A Language and Environment for Statistical
           Computing},
  author = {{R Core Team}},
  organization = {R Foundation for Statistical Computing},
  address = {Vienna, Austria},
  year = {2019},
  url = {https://www.R-project.org},
}

@misc{Susilo_1970, title={Scalable start-up entrepreneurship and local economic development in emerging economies}, url={https://ageconsearch.umn.edu/record/334401/}, journal={AgEcon Search}, author={Susilo, Donny}, year={1970}, month={Jan}}

@misc{ind_typ,
	author={{Indeed}}, 
	title={Different Types of Entrepreneurship (With Examples)}, 
	url={https://www.indeed.com/career-advice/career-development/types-of-entrepreneurship}, 
	journal={Indeed.com}, 
	year={2023}, 
	month={Jul}} 
	
@misc{olv, author = {Oliver}, url={https://www.oliverpos.com/7-ways-small-businesses-benefit-the-community/}, journal={Oliver}, year={2024}, month={Feb}} 
	
@misc{crs23, title={What Is Social Entrepreneurship? A Guide}, url={https://www.coursera.org/articles/social-entrepreneurship}, journal={Coursera}, author={Coursera}, year={2023}, month={Nov}} 	

@misc{hbr, title={What Is Social Entrepreneurship? A Guide}, url={https://www.coursera.org/articles/social-entrepreneurship}, journal={Coursera}, author={Coursera   Staff}, year={2023}, month={Nov}} 


@article{ibr_ins, title={The model of crowdfunding to support small and micro businesses in Indonesia through a web-based platform}, volume={4}, DOI={10.1016/s2212-5671(12)00353-x}, journal={Procedia Economics and Finance}, author={Ibrahim, Niko and Verliyantina}, year={2012}, pages={390–397}} 

@BOOK{Papadaki2002,
  title   = "Growth determinants of micro-businesses in Canada. Ottawa: Small
             Business Policy Branch",
  author  = "Papadaki, E and Chami, B and Branch, S B P",
  year    =  2002,
  address = "Industry Canada"
}

@ARTICLE{Herawati2020,
  title   = "The influence of gender and financial literacy on accounting
             implementation in small and micro business ({SMES})",
  author  = "Herawati, N T and Candiasa, I M and Yadnyana, I K and Suharsono, N",
  journal = "International Journal of Innovation, Creativity and Change",
  volume  =  12,
  number  =  4,
  pages   = "36--50",
  year    =  2020
}

@ARTICLE{Azevedo2019,
  title     = "Big data analysis in supply chain management in Portuguese
               {SMEs} ``leader excellence''",
  author    = "Azevedo, F. and Reis, J.L.",
  journal   = "J. Inf. Syst. Eng. Manag.",
  publisher = "Veritas Publications LTD",
  volume    =  4,
  number    =  3,
  month     =  aug,
  year      =  2019
}

@BOOK{Kobe2018,
  title     = "Small business {GDP} 1998-2014",
  author    = "Kobe, K and Schwinn, R",
  publisher = "US Small Business Administration",
  year      =  2018,
  address   = "Washington, DC"
}

@ARTICLE{Rondinelli1992,
  title     = "Foreign trade potential, small enterprise development and job
               creation in developing countries",
  author    = "Rondinelli, Dennis A and Kasarda, John D",
  journal   = "Small Bus. Econ.",
  publisher = "Springer Nature",
  volume    =  4,
  number    =  4,
  pages     = "253--265",
  month     =  dec,
  year      =  1992,
  language  = "en"
}

@ARTICLE{Leonidou2004,
  title     = "An analysis of the barriers hindering small business export
               development",
  author    = "Leonidou, Leonidas C",
  journal   = "J. Small Bus. Manage.",
  publisher = "Informa UK Limited",
  volume    =  42,
  number    =  3,
  pages     = "279--302",
  month     =  jul,
  year      =  2004,
  language  = "en"
}

@ARTICLE{Okpara2009,
  title   = "An empirical evaluation of barriers hindering the growth of small
             and medium sized enterprises ({SMEs}) in a developing economy",
  author  = "Okpara, J O and Kabongo, J D",
  journal = "African Journal of Business and Economic Research",
  volume  =  4,
  number  =  1,
  pages   = "7--21",
  year    =  2009
}

@ARTICLE{Larsen2006,
  title     = "Confronting barriers to innovation",
  author    = "Larsen, Povl and Lewis, Alan",
  journal   = "Int. J. Entrep. Innov.",
  publisher = "SAGE Publications",
  volume    =  7,
  number    =  2,
  pages     = "121--126",
  month     =  may,
  year      =  2006,
  language  = "en"
}

@ARTICLE{Signoretti2020,
  title     = "Overcoming the barriers to the implementation of more efficient
               productive strategies in small enterprises",
  author    = "Signoretti, Andrea",
  journal   = "Empl. Relat.",
  publisher = "Emerald",
  volume    =  42,
  number    =  1,
  pages     = "149--165",
  month     =  jan,
  year      =  2020,
  language  = "en"
}

@misc{Ortiz_2023, title={12 Successful Marketing Strategy Examples}, url={https://www.cyberclick.net/numericalblogen/10-marketing-strategy-examples}, journal={Cyberclick}, author={Ortiz, Dany}, year={2023}, month={Mar}} 

@misc{Koshy_2024, title={18 POWERFUL MARKETING STRATEGIES TO GROW BUSINESS FASTER [+ EXAMPLES]}, url={https://www.engagebay.com/blog/powerful-marketing-strategies/}, journal={engage bay}, author={Koshy, Vinay}, year={2024}, month={Jan}} 

